@article{Holsinger-Wallace-2004,
   author = {Holsinger, Kent E. and Wallace, Lisa E.},
   title = {Bayesian approaches for the analysis of population structure: an example from Platanthera leucophaea (Orchidaceae)},
   journal = {Molecular Ecology},
   volume = {13},
   pages = {887-894},
   keywords = {F statistics genetic diversity},
   year = {2004},
   type = {Journal Article}
}

